@article{nltkCitation,
	added-at = {2020-01-10T00:00:00.000+0100},
	author = {Loper, Edward and Bird, Steven},
	biburl = {https://www.bibsonomy.org/bibtex/2eac35636d7e2bb4a0264313ed0791372/dblp},
	ee = {https://arxiv.org/abs/cs/0205028},
	interhash = {1af05e5f1cea0feeea8da5f68707a841},
	intrahash = {eac35636d7e2bb4a0264313ed0791372},
	journal = {CoRR},
	keywords = {dblp},
	timestamp = {2020-01-11T11:43:05.000+0100},
	title = {NLTK: The Natural Language Toolkit},
	url = {http://dblp.uni-trier.de/db/journals/corr/corr0205.html#cs-CL-0205028},
	volume = {cs.CL/0205028},
	year = 2002
}

@misc{wiki:CYK,
	author = "{Wikipedia contributors}",
	title = "CYK algorithm --- {Wikipedia}{,} The Free Encyclopedia",
	year = "2019",
	howpublished = "\url{https://en.wikipedia.org/w/index.php?title=CYK_algorithm&oldid=931384986}",
	note = "[Online; accessed 1-March-2020]"
}

@article{scikit-learn,
	title={Scikit-learn: Machine Learning in {P}ython},
	author={Pedregosa, F. and Varoquaux, G. and Gramfort, A. and Michel, V.
	and Thirion, B. and Grisel, O. and Blondel, M. and Prettenhofer, P.
	and Weiss, R. and Dubourg, V. and Vanderplas, J. and Passos, A. and
	Cournapeau, D. and Brucher, M. and Perrot, M. and Duchesnay, E.},
	journal={Journal of Machine Learning Research},
	volume={12},
	pages={2825--2830},
	year={2011}
}